<?xml version="1.0" encoding="UTF-8"?>
<record xmlns="http://www.loc.gov/MARC21/slim" xmlns:xsi="http://www.w3.org/2001/XMLSchema-instance" xsi:schemaLocation="http://www.loc.gov/MARC21/slim http://www.loc.gov/standards/marcxml/schema/MARC21slim.xsd">
<leader>00000cam a22      a 4500</leader>
<controlfield tag="001">001679786</controlfield>
<controlfield tag="003">NNU</controlfield>
<controlfield tag="005">20160119162649.0</controlfield>
<controlfield tag="008">940621s1933    ua            000 0 ara d</controlfield>
<datafield tag="035" ind1=" " ind2=" ">
<subfield code="a">(OCoLC)78469611</subfield>
</datafield>
<datafield tag="040" ind1=" " ind2=" ">
<subfield code="a">NjP</subfield>
<subfield code="b">eng</subfield>
<subfield code="c">ZYU</subfield>
<subfield code="d">OCLCQ</subfield>
<subfield code="d">NNU</subfield>
</datafield>
<datafield tag="043" ind1=" " ind2=" ">
<subfield code="a">f-ua---</subfield>
</datafield>
<datafield tag="050" ind1=" " ind2="4">
<subfield code="a">LG511.C45</subfield>
<subfield code="b">M8 1933</subfield>
</datafield>
<datafield tag="100" ind1="0" ind2=" ">
<subfield code="6">880-01</subfield>
<subfield code="a">Muḥammad Rashīd Riḍā.</subfield>
</datafield>
<datafield tag="245" ind1="1" ind2="3">
<subfield code="6">880-02</subfield>
<subfield code="a">al-Manār wa-al-Azhar :</subfield>
<subfield code="b">kitāb yashtamilu ʻal ́muqaddimah fī māḍī al-Azhar wa-ḥāḍirihi wa-mustaqbalihi wa-maqālāt fī al-radd ʻalá majallat al-Azhar (Nūr al-Islām) fī ṭaʻnihāh ʻalá al-Manār wa-taʼyīdihā al-bidaʻ wa-al-khurāfāt wa-khātimah fī khulāṣat saʻī ṣāḥib al-Manār li-iṣlāḥ al-Azhar fī muddat 35 sanah /</subfield>
<subfield code="c">bi-qalam Muḥammad Rashīd Riḍā.</subfield>
</datafield>
<datafield tag="250" ind1=" " ind2=" ">
<subfield code="6">880-03</subfield>
<subfield code="a">al-Ṭabʻah 1.</subfield>
</datafield>
<datafield tag="260" ind1=" " ind2=" ">
<subfield code="6">880-04</subfield>
<subfield code="a">Miṣr :</subfield>
<subfield code="b">Maṭbaʻat al-Manār,</subfield>
<subfield code="c">1352 [1933 or 1934]</subfield>
</datafield>
<datafield tag="300" ind1=" " ind2=" ">
<subfield code="a">15, 296 pages ;</subfield>
<subfield code="c">24 cm</subfield>
</datafield>
<datafield tag="336" ind1=" " ind2=" ">
<subfield code="a">text</subfield>
<subfield code="b">txt</subfield>
<subfield code="2">rdacontent</subfield>
</datafield>
<datafield tag="337" ind1=" " ind2=" ">
<subfield code="a">unmediated</subfield>
<subfield code="b">n</subfield>
<subfield code="2">rdamedia</subfield>
</datafield>
<datafield tag="338" ind1=" " ind2=" ">
<subfield code="a">volume</subfield>
<subfield code="b">nc</subfield>
<subfield code="2">rdacarrier</subfield>
</datafield>
<datafield tag="610" ind1="2" ind2="0">
<subfield code="6">880-05</subfield>
<subfield code="a">Jāmiʻat al-Azhar.</subfield>
</datafield>
<datafield tag="651" ind1=" " ind2="0">
<subfield code="a">Egypt</subfield>
<subfield code="x">Intellectual life</subfield>
<subfield code="y">20th century.</subfield>
</datafield>
<datafield tag="651" ind1=" " ind2="0">
<subfield code="a">Egypt</subfield>
<subfield code="x">Intellectual life</subfield>
<subfield code="y">19th century.</subfield>
</datafield>
<datafield tag="650" ind1=" " ind2="0">
<subfield code="a">Islamic education</subfield>
<subfield code="z">Egypt.</subfield>
</datafield>
<datafield tag="880" ind1="0" ind2=" ">
<subfield code="6">100-01/</subfield>
<subfield code="a">محمد رشيد رضا.</subfield>
</datafield>
<datafield tag="880" ind1="1" ind2="2">
<subfield code="6">245-02/</subfield>
<subfield code="a">المنار والأزهر :</subfield>
<subfield code="b">كتاب يشتمل عل مقدمة في ماضي الازهر وحاضره ومستقبله ومقالات في الرد على مجلة الازهر (نور الاسلام) في طعنها على المنار وتأييدها البدع والخرافات وخاتمة في خلاصة سعي صاحب المنار لاصلاح الازهر في مدة 35 سنة /</subfield>
<subfield code="c">بقلم محمد رشيد رضا.</subfield>
</datafield>
<datafield tag="880" ind1=" " ind2=" ">
<subfield code="6">250-03/</subfield>
<subfield code="a">الطبعة 1.</subfield>
</datafield>
<datafield tag="880" ind1=" " ind2=" ">
<subfield code="6">260-04/</subfield>
<subfield code="a">مصر :</subfield>
<subfield code="b">مطبعة المنار،</subfield>
<subfield code="c">1352 [1933 or 1934]</subfield>
</datafield>
<datafield tag="880" ind1="2" ind2="0">
<subfield code="6">610-05/</subfield>
<subfield code="a">جامعة الازهر.</subfield>
</datafield>
<datafield tag="OWN" ind1=" " ind2=" ">
<subfield code="a">GENERAL</subfield>
</datafield>
<datafield tag="AVA" ind1=" " ind2=" ">
<subfield code="a">NYU50</subfield>
<subfield code="b">BOBST</subfield>
<subfield code="c">Main Collection</subfield>
<subfield code="d">LG511.C45 M8</subfield>
<subfield code="e">unavailable</subfield>
<subfield code="t">Unavailable</subfield>
<subfield code="f">1</subfield>
<subfield code="g">1</subfield>
<subfield code="h">N</subfield>
<subfield code="i">0</subfield>
<subfield code="j">MAIN</subfield>
<subfield code="k">0</subfield>
</datafield>
</record>
